<record><leader>00000cas a22000007a 4500</leader><controlfield tag="001">15730359</controlfield><controlfield tag="008">870526d18601uuuiluwr ne      0    0eng d</controlfield><datafield ind1=" " ind2=" " tag="010"><subfield code="a">sn 87070030 </subfield></datafield><datafield ind1=" " ind2=" " tag="040"><subfield code="a">NYS</subfield><subfield code="b">eng</subfield><subfield code="c">NYS</subfield><subfield code="d">OCL</subfield><subfield code="d">OCLCQ</subfield></datafield><datafield ind1=" " ind2=" " tag="042"><subfield code="a">msc</subfield></datafield><datafield ind1="0" ind2="0" tag="245"><subfield code="a">Dekalb weekly times.</subfield></datafield><datafield ind1="3" ind2="0" tag="246"><subfield code="a">De Kalb weekly times</subfield></datafield><datafield ind1=" " ind2=" " tag="260"><subfield code="a">De Kalb, Ill. :</subfield><subfield code="b">G.D.R. Boyd and C.H. Perrigo,</subfield><subfield code="c">1860-</subfield></datafield><datafield ind1=" " ind2=" " tag="310"><subfield code="a">Weekly</subfield></datafield><datafield ind1=" " ind2=" " tag="588"><subfield code="a">Description based on: Vol. 1, no. 35 (Sept. 7, 1860).</subfield></datafield><datafield ind1=" " ind2=" " tag="752"><subfield code="a">United States</subfield><subfield code="b">Illinois</subfield><subfield code="c">De Kalb</subfield><subfield code="d">De Kalb.</subfield></datafield></record>